<mx:record xmlns="http://www.w3.org/TR/xhtml1/strict" xmlns:mx="http://www.loc.gov/MARC21/slim" xmlns:xsi="http://www.w3.org/2001/XMLSchema-instance"><mx:leader>00000cz  a2200000n  45 0</mx:leader><mx:controlfield tag="001">oca01262832 </mx:controlfield><mx:controlfield tag="005">20080825170815.0</mx:controlfield><mx:controlfield tag="008">850103n| acannaab           |a aaa      </mx:controlfield><mx:datafield ind1=" " ind2=" " tag="010"><mx:subfield code="a">n  84227568</mx:subfield></mx:datafield><mx:datafield ind1=" " ind2=" " tag="040"><mx:subfield code="a">DLC</mx:subfield><mx:subfield code="b">eng</mx:subfield><mx:subfield code="c">DLC</mx:subfield><mx:subfield code="d">DLC</mx:subfield></mx:datafield><mx:datafield ind1="1" ind2=" " tag="100"><mx:subfield code="a">Polemo, Antonius,</mx:subfield><mx:subfield code="d">ca. 88-145</mx:subfield></mx:datafield><mx:datafield ind1="0" ind2=" " tag="400"><mx:subfield code="a">Polemo,</mx:subfield><mx:subfield code="d">ca. 88-145</mx:subfield></mx:datafield><mx:datafield ind1="1" ind2=" " tag="400"><mx:subfield code="a">Polemo, Marcus Antonius,</mx:subfield><mx:subfield code="d">ca. 88-145</mx:subfield></mx:datafield><mx:datafield ind1="0" ind2=" " tag="400"><mx:subfield code="a">Filīmūn,</mx:subfield><mx:subfield code="d">ca. 88-145</mx:subfield></mx:datafield><mx:datafield ind1="0" ind2=" " tag="400"><mx:subfield code="a">Palemon,</mx:subfield><mx:subfield code="d">ca. 88-145</mx:subfield></mx:datafield><mx:datafield ind1="0" ind2=" " tag="400"><mx:subfield code="a">Palomon,</mx:subfield><mx:subfield code="d">ca. 88-145</mx:subfield></mx:datafield><mx:datafield ind1="0" ind2=" " tag="400"><mx:subfield code="a">Phylomon,</mx:subfield><mx:subfield code="d">ca. 88-145</mx:subfield></mx:datafield><mx:datafield ind1="0" ind2=" " tag="400"><mx:subfield code="a">Philimon,</mx:subfield><mx:subfield code="d">ca. 88-145</mx:subfield></mx:datafield><mx:datafield ind1="0" ind2=" " tag="400"><mx:subfield code="a">Philemon,</mx:subfield><mx:subfield code="d">ca. 88-145</mx:subfield></mx:datafield><mx:datafield ind1="0" ind2=" " tag="400"><mx:subfield code="a">Aflīmūn,</mx:subfield><mx:subfield code="d">ca. 88-145</mx:subfield></mx:datafield><mx:datafield ind1="0" ind2=" " tag="400"><mx:subfield code="a">Filīmūn al-Ḥakīm,</mx:subfield><mx:subfield code="d">ca. 88-145</mx:subfield></mx:datafield><mx:datafield ind1="0" ind2=" " tag="400"><mx:subfield code="a">Polémon de Laodicée,</mx:subfield><mx:subfield code="d">ca. 88-145</mx:subfield></mx:datafield><mx:datafield ind1=" " ind2=" " tag="670"><mx:subfield code="a">Ḥannā, N. Risālatā Būlus al-Rasūl ilá Tīṭus wa-Filīmūn mufaṣṣalatayn āyah āyah, 1982:</mx:subfield><mx:subfield code="b">t.p. (Filīmūn)</mx:subfield></mx:datafield><mx:datafield ind1=" " ind2=" " tag="670"><mx:subfield code="a">LC manual auth. cd.</mx:subfield><mx:subfield code="b">(hdg.: Polemo, Antonius, 88(ca)-145; variants: Palemon; Palomon; Phylomon; Philimon; Philemon; Aflīmūn; Filīmūn al-Ḥakīm; Polémon de Laodicée)</mx:subfield></mx:datafield><mx:datafield ind1=" " ind2=" " tag="670"><mx:subfield code="a">The severed hand and the upright corpse, 1996:</mx:subfield><mx:subfield code="b">CIP t.p. (Marcus Antonius Polemo) p. 1 (Polemo (88-144 CE))</mx:subfield></mx:datafield><mx:datafield ind1=" " ind2=" " tag="999"><mx:subfield code="a">4981</mx:subfield></mx:datafield></mx:record>